@manual{inmetro2003,
	Author = {INMETRO},
	Title = {Vocabulário internacional de termos fundamentais e gerais de
	metrologia},
	Year = {2013},
	Address = {Rio de Janeiro, Brasil},
	Pages = {75},
	isbn = {85-87090-90-9},
}

@inproceedings{soviero1997,
	Author = {P. A. O. Soviero and L. G. M. Lavagna},
	Title = {A Numerical Model for Thin Airfoils in Unsteady Motion},
	Year = {1997},
	Pages = {332-340},
	Volume = {19},
	Number = {3},
	Booktitle = {Journal of the Brazilian Societyt Mechanical Sciences},	
}

@inproceedings{sparrow1980,
	Author = {E. M. Sparrow},
	Title = {Forced Convection Heat Transfer in a Duct Having Spanwise-Periodic
	Rectangular Protuberances},
	Year = {1980},
	Pages = {149-167},
	Volume = {3},
	Booktitle = {Numerical Heat Transfer},
}

@article{clark1986,
	Author = {J. A. Clark},
	Title = {Private Communication},
	Year = {1986},
	Address = {University of Michigan},
}

@article{arruda2007,
	Author = {M. B. B. Arruda},
	Title = {Como fazer referências: bibliográficas, eletrônicas e demais
	formas de documentos},
	Year = {2007},
	Url = {http://bu.ufsc.br/framerefer.html}
}

@article{coimbra1978,
	Author = {A. L. Coimbra},
	Title = {Lessons of Continuum Mechanics},
	Year = {1978},
	Address = {São Paulo, Brazil},
	Pages = {428},
	Editor = {Edgard Blücher},
}

@inproceedings{bordalo1989,
	Author = {S. N. Bordalo and J. H. Ferziger and S. J. Kline},
	Title = {The Development of Zonal Models for Turbulence},
	Year = {1989},
	Pages = {41-44},
	Booktitle = {Proceedings of the 10th Brazilian Congress of Mechanical
	Engineering}, 
	Volume = {1},	
}

@manual{NBR14724:2011,
	Address = {Rio de Janeiro},
	Date-Added = {2012-12-15 20:34:08 +0000},
	Date-Modified = {2012-12-15 20:35:25 +0000},
	Month = mar,
	Org-Short = {ABNT},
	Organization = {Associa{\c c}\~ao Brasileira de Normas T\'ecnicas},
	Pages = 15,
	Subtitle = {Informa{\c c}\~ao e documenta{\c c}\~ao --- trabalhos acad\^emicos --- apresenta{\c c}\~ao},
	Title = {{NBR} 14724},
	Year = 2011
}

@manual{NBR6034:2000,
	Address = {Rio de Janeiro},
	Org-Short = {ABNT},
	Organization = {Associa{\c c}\~ao Brasileira de Normas T\'ecnicas},
	Subtitle = {Informa{\c c}\~ao e documenta{\c c}\~ao --- Referências},
	Title = {{NBR} 14724},
	Year = 2000
}
%-----------------------------tcc---------------------------------

% LIVRO DE ESTATÍSICA 
@book{Hastie2009,
author = {Hastie, Trevor and Tibshirani, Robert and Friedman, Jerome},
title = {The Elements of Statistical Learning: Data Mining, Inference, and Prediction},
year = {2009},
note  = {,p.104},
isbn = {978-0-387-84857-0},
edition = {2nd},
publisher = {Springer},
address = {New York, USA},
}

% LIVRO DE ROBÓTICA MOVEL
@book{romero2014robotica,
  author    = {Roseli Aparecida F. Romero and Edson Prestes and Fernando Osório and others},
  title     = {Robótica Móvel},
  year      = {2014},
  publisher = {LTC},
  address   = {Rio de Janeiro},
  note      = {E-book, p.24},
  isbn      = {978-85-216-2642-8},
  url       = {https://integrada.minhabiblioteca.com.br/reader/books/978-85-216-2642-8/},
  urldate   = {2025-01-13}
}

% Livro de DEEP LEARNING
@book{Goodfellow-et-al-2016,
    title={Deep Learning},
    author={Ian Goodfellow and Yoshua Bengio and Aaron Courville},
    publisher={MIT Press},
    note={\url{http://www.deeplearningbook.org}},
    year={2016}
}

% Libro de aprendizado de máquina
@book{AbuMostafa2012Learning,
  title     = {Learning From Data: A Short Course},
  author    = {Yaser S. Abu-Mostafa and Malik Magdon-Ismail and Hsuan-Tien Lin},
  year      = {2012},
  publisher = {AMLBook},
  address   = {USA},
  isbn      = {9781600490064},
  url       = {http://amlbook.com/}
}


@book{teoria_dos_jogos,
  title={Theory of Games and Economic Behavior},
  author={Von Neumann, John and Morgenstern, Oskar},
  year={1944},
  publisher={Princeton University Press},
}

@book{haykin2007redes,
  author    = {Simon Haykin},
  title     = {Redes Neurais: Princípios e Práticas},
  year      = {2007},
  publisher = {Bookman Editora},
  address   = {[s.l.]},
  isbn      = {978-8577800126}
}
@book{arbib2003handbook,
  title={The Handbook of Brain Theory and Neural Networks},
  editor={Arbib, Michael A.},
  year={2003},
  publisher={MIT Press},
  edition={2nd}
}


@misc{robocup,
  author = {RoboCup Federation},
  title = {RoboCup Official Website},
  year = {2025},
  url = {https://www.robocup.org/},
  note = {Accessed: 2025-01-26}
}

@article{coimbra2023team,
  author = {Felipe V. Coimbra and Marcos R. O. A. Máximo},
  title = {Team Modeling with Deep Behavioral Cloning for the RoboCup 2D Soccer Simulation League},
  journal = {IEEE Latin America Transactions},
  volume = {21},
  number = {2},
  pages = {288--294},
  year = {2023},
  doi = {10.1109/TLA.2023.10015221},
  url = {https://ieeexplore.ieee.org/document/10015221}
}

@inproceedings{zickler2009shared,
  author = {Zickler, Todd and Laue, Tobias and Laue, Thomas and Laue, Tobias and Laue, Thomas},
  title = {The Shared Vision System for the RoboCup Small Size League},
  booktitle = {Proceedings of the RoboCup 2009 Symposium},
  pages = {1--12},
  year = {2009},
  organization = {Springer},
  doi = {10.1007/978-3-642-11876-0_37},
  url = {https://link.springer.com/chapter/10.1007/978-3-642-11876-0_37}
}

@book{neumann1944theory,
  title={Theory of Games and Economic Behavior},
  author={Neumann, John von and Morgenstern, Oskar},
  year={1944},
  publisher={Princeton University Press}
}

@article{kitano1997robocup,
  title={RoboCup: A Challenge Problem for AI},
  author={Kitano, Hiroaki and Asada, Minoru and Kuniyoshi, Yasuo and Noda, Itsuki and Osawa, Eiichi},
  journal={AI Magazine},
  volume={18},
  number={1},
  pages={73--85},
  year={1997}
}

@article{stone2000layered,
  title={Layered Learning},
  author={Stone, Peter and Veloso, Manuela},
  journal={Machine Learning},
  volume={40},
  number={3},
  pages={255--273},
  year={2000}
}

@article{lecun2015deep,
  title={Deep Learning},
  author={LeCun, Yann and Bengio, Yoshua and Hinton, Geoffrey},
  journal={Nature},
  volume={521},
  number={7553},
  pages={436--444},
  year={2015}
}

@inproceedings{riley2002coevolution,
  title={On Behavior Classification in Adversarial Environments},
  author={Riley, Patrick and Veloso, Manuela},
  booktitle={RoboCup 2002: Robot Soccer World Cup VI},
  pages={371--376},
  year={2002},
  organization={Springer}
}

@article{rocha2012ssl,
  title={SSL: A High-Level Control Language for Robot Soccer},
  author={Rocha, Rui and Dias, Jorge and Campos, António},
  journal={RoboCup 2012: Robot Soccer World Cup XVI},
  pages={1--12},
  year={2012},
  publisher={Springer}
}

@misc{robocup2023rules,
  title={RoboCup Small Size League Rules},
  author={RoboCup Federation},
  year={2023},
  url={https://robocup-ssl.github.io/ssl-rules/}
}

@book{hastie2009elements,
  title={The Elements of Statistical Learning: Data Mining, Inference, and Prediction},
  author={Hastie, Trevor and Tibshirani, Robert and Friedman, Jerome},
  year={2009},
  publisher={Springer}
}

@book{murphy2012machine,
  title={Machine Learning: A Probabilistic Perspective},
  author={Murphy, Kevin P.},
  year={2012},
  publisher={MIT Press}
}

@book{AbuMostafa2012Learning2,
  title={Learning from Data},
  author={Abu-Mostafa, Yaser S. and Magdon-Ismail, Malik and Lin, Hsuan-Tien},
  year={2012},
  publisher={AMLBook}
}


@book{haykin2007redes2,
  title={Redes Neurais: Princípios e Prática},
  author={Haykin, Simon},
  year={2007},
  publisher={Bookman}
}

@book{arbib2003handbook2,
  title={The Handbook of Brain Theory and Neural Networks},
  author={Arbib, Michael A.},
  year={2003},
  publisher={MIT Press}
}


@article{glorot2011deep,
  title={Deep Sparse Rectifier Neural Networks},
  author={Glorot, Xavier and Bordes, Antoine and Bengio, Yoshua},
  journal={Proceedings of the 14th International Conference on Artificial Intelligence and Statistics},
  volume={15},
  pages={315--323},
  year={2011}
}

@article{rumelhart1986learning,
  title={Learning Representations by Back-Propagating Errors},
  author={Rumelhart, David E. and Hinton, Geoffrey E. and Williams, Ronald J.},
  journal={Nature},
  volume={323},
  number={6088},
  pages={533--536},
  year={1986},
  publisher={Nature Publishing Group}
}


@book{Goodfellow2016,
  title={Deep Learning},
  author={Goodfellow, Ian and Bengio, Yoshua and Courville, Aaron},
  year={2016},
  publisher={MIT Press}
}


@article{Riedmiller2009,
  title={Reinforcement learning in a nutshell},
  author={Riedmiller, Martin},
  journal={Reinforcement Learning},
  pages={3--15},
  year={2009},
  publisher={Springer}
}

@article{Kahn2018,
  title={Deep reinforcement learning for robotic manipulation},
  author={Kahn, Gregory and Villaflor, Adam and Ding, Bosen and Abbeel, Pieter and Levine, Sergey},
  journal={IEEE Robotics and Automation Letters},
  volume={3},
  number={4},
  pages={3287--3294},
  year={2018},
  publisher={IEEE}
}

@book{Sutton2018,
  title={Reinforcement learning: An introduction},
  author={Sutton, Richard S and Barto, Andrew G},
  year={2018},
  publisher={MIT press}
}

@article{Stone2005,
  title={Multiagent systems: A survey from a machine learning perspective},
  author={Stone, Peter and Veloso, Manuela},
  journal={Autonomous Robots},
  volume={8},
  number={3},
  pages={345--383},
  year={2005},
  publisher={Springer}
}

@article{Kober2013,
  title={Reinforcement learning in robotics: A survey},
  author={Kober, Jens and Bagnell, J Andrew and Peters, Jan},
  journal={The International Journal of Robotics Research},
  volume={32},
  number={11},
  pages={1238--1274},
  year={2013},
  publisher={SAGE Publications Sage UK: London, England}
}

@article{Gabel2012,
  title={Reinforcement learning for multi-agent systems},
  author={Gabel, Thomas and Riedmiller, Martin},
  journal={Adaptive Dynamic Programming and Reinforcement Learning},
  pages={1--10},
  year={2012},
  publisher={IEEE}
}

@article{Hausknecht2015,
  title={Deep reinforcement learning in parameterized action space},
  author={Hausknecht, Matthew and Stone, Peter},
  journal={arXiv preprint arXiv:1511.04143},
  year={2015}
}

@article{Kalman1960,
  title={A new approach to linear filtering and prediction problems},
  author={Kalman, Rudolph E},
  journal={Journal of basic Engineering},
  volume={82},
  number={1},
  pages={35--45},
  year={1960},
  publisher={American Society of Mechanical Engineers}
}

@book{Thrun2005,
  title={Probabilistic robotics},
  author={Thrun, Sebastian and Burgard, Wolfram and Fox, Dieter},
  year={2005},
  publisher={MIT press}
}

@misc{robocup_logs,
  author = {{RoboCup}},
  title = {RoboCup Game Logs},
  year = {2025},
  url = {https://ssl.robocup.org/game-logs/},
  note = {Accessed: 2025-01-31}
}

@article{Mnih2015,
  title={Human-level control through deep reinforcement learning},
  author={Mnih, Volodymyr and Kavukcuoglu, Koray and Silver, David and Rusu, Andrei A and Veness, Joel and Bellemare, Marc G and Graves, Alex and Riedmiller, Martin and Fidjeland, Andreas K and Ostrovski, Georg and others},
  journal={Nature},
  volume={518},
  number={7540},
  pages={529--533},
  year={2015},
  publisher={Nature Publishing Group}
}

@INPROCEEDINGS{Ahumada2013,
  author={Ahumada, Gabriel A. and Nettle, Cristóbal J. and Solis, Miguel A.},
  booktitle={2013 Latin American Robotics Symposium and Competition}, 
  title={Accelerating Q-Learning through Kalman Filter Estimations Applied in a RoboCup SSL Simulation}, 
  year={2013},
  volume={},
  number={},
  pages={112-117},
  keywords={Heuristic algorithms;Kalman filters;Learning (artificial intelligence);Convergence;State estimation;Acceleration;reinforcement learning;robocup;soccer;ssl},
  doi={10.1109/LARS.2013.66}
}


@article{hochreiter1997long,
  author = {Sepp Hochreiter and Jürgen Schmidhuber},
  title = {Long short-term memory},
  journal = {Neural Computation},
  volume = {9},
  number = {8},
  pages = {1735--1780},
  year = {1997}
}

@book{goodfellow2016deep,
  author = {Ian Goodfellow and Yoshua Bengio and Aaron Courville},
  title = {Deep Learning},
  publisher = {MIT Press},
  year = {2016}
}


@book{sutton2018reinforcement,
  author = {Richard S. Sutton and Andrew G. Barto},
  title = {Reinforcement Learning: An Introduction},
  publisher = {MIT Press},
  edition = {2},
  year = {2018}
}

@article{mnih2015human,
  author = {Volodymyr Mnih and Koray Kavukcuoglu and David Silver and others},
  title = {Human-level control through deep reinforcement learning},
  journal = {Nature},
  volume = {518},
  pages = {529--533},
  year = {2015}
}

@inproceedings{schulman2017proximal,
  author = {John Schulman and Filip Wolski and Prafulla Dhariwal and Alec Radford and Oleg Klimov},
  title = {Proximal policy optimization algorithms},
  booktitle = {arXiv preprint arXiv:1707.06347},
  year = {2017}
}

@article{lillicrap2015continuous,
  author = {Timothy P. Lillicrap and Jonathan J. Hunt and Alexander Pritzel and Nicolas Heess and Tom Erez and Yuval Tassa and David Silver and Daan Wierstra},
  title = {Continuous control with deep reinforcement learning},
  journal = {arXiv preprint arXiv:1509.02971},
  year = {2015}
}

@article{silver2016mastering,
  author = {David Silver and Aja Huang and Chris J. Maddison and Arthur Guez and Laurent Sifre and George van den Driessche and Julian Schrittwieser and Ioannis Antonoglou and Veda Panneershelvam and Marc Lanctot and Sander Dieleman and Dominik Grewe and John Nham and Nal Kalchbrenner and Ilya Sutskever and Timothy Lillicrap and Madeleine Leach and Koray Kavukcuoglu and Thore Graepel and Demis Hassabis},
  title = {Mastering the game of Go with deep neural networks and tree search},
  journal = {Nature},
  volume = {529},
  pages = {484--489},
  year = {2016}
}


@article{kluyver2016jupyter,
  title={Jupyter Notebooks--a publishing format for reproducible computational workflows},
  author={Kluyver, Thomas and others},
  journal={Positioning and Power in Academic Publishing: Players, Agents and Agendas},
  pages={87--90},
  year={2016},
  publisher={IOS Press}
}

@article{paszke2019pytorch,
  title={PyTorch: An imperative style, high-performance deep learning library},
  author={Paszke, Adam and others},
  journal={Advances in Neural Information Processing Systems},
  volume={32},
  pages={8026--8037},
  year={2019}
}

@article{virtanen2020scipy,
  title={SciPy 1.0: fundamental algorithms for scientific computing in Python},
  author={Virtanen, Pauli and others},
  journal={Nature Methods},
  volume={17},
  number={3},
  pages={261--272},
  year={2020}
}

@article{hunter2007matplotlib,
  title={Matplotlib: A 2D graphics environment},
  author={Hunter, John D},
  journal={Computing in Science \& Engineering},
  volume={9},
  number={3},
  pages={90--95},
  year={2007}
}

@article{mckinney2010pandas,
  title={Data structures for statistical computing in Python},
  author={McKinney, Wes},
  journal={Proceedings of the 9th Python in Science Conference},
  volume={445},
  pages={51--56},
  year={2010}
}

@misc{ssslgotool2023,
  title={SSL-Go-Tools Documentation},
  author={SSL Community},
  year={2023},
  url={https://github.com/RoboCup-SSL/ssl-go-tools}
}



@article{bengio1994learning,
  author  = {Bengio, Yoshua and Simard, Patrice and Frasconi, Paolo},
  title   = {Learning long-term dependencies with gradient descent is difficult},
  journal = {IEEE Transactions on Neural Networks},
  year    = {1994},
  volume  = {5},
  number  = {2},
  pages   = {157--166}
}

@article{gers2000learning,
  author  = {Gers, Felix A. and Schmidhuber, Jürgen and Cummins, Fred},
  title   = {Learning to Forget: Continual Prediction with LSTM},
  journal = {Neural Computation},
  year    = {2000},
  volume  = {12},
  number  = {10},
  pages   = {2451--2471}
}

@article{greff2017lstm,
  author  = {Greff, Klaus and Srivastava, Rupesh Kumar and Koutník, Jan and Steunebrink, Bas R. and Schmidhuber, Jürgen},
  title   = {LSTM: A Search Space Odyssey},
  journal = {IEEE Transactions on Neural Networks and Learning Systems},
  year    = {2017},
  volume  = {28},
  number  = {10},
  pages   = {2222--2232}
}

@article{shi2015convolutional,
  author  = {Shi, Xingjian and Chen, Zhourong and Wang, Hao and Yeung, Dit-Yan and Wong, Wai-kin and Woo, Wang-chun},
  title   = {Convolutional LSTM Network: A Machine Learning Approach for Precipitation Nowcasting},
  journal = {Advances in Neural Information Processing Systems (NeurIPS)},
  year    = {2015}
}

@article{krishnan2017structured,
  author  = {Krishnan, Rahul G. and Shalit, Uri and Sontag, David},
  title   = {Structured Inference Networks for Nonlinear State Space Models},
  journal = {AAAI Conference on Artificial Intelligence},
  year    = {2017}
}


@inproceedings{sak2014long,
  title={Long Short-Term Memory Recurrent Neural Network Architectures for Large Scale Acoustic Modeling},
  author={Sak, Hasim and Senior, Andrew and Beaufays, Fran{\c{c}}oise},
  booktitle={15th Annual Conference of the International Speech Communication Association (INTERSPEECH)},
  pages={338--342},
  year={2014},
  doi={10.21437/Interspeech.2014-80},
  url={https://www.isca-speech.org/archive/interspeech_2014/i14_0338.html}
}


@article{ribeiro2004kalman,
  title={Kalman and extended kalman filters: Concept, derivation and properties},
  author={Ribeiro, Maria Isabel},
  journal={Institute for Systems and Robotics},
  volume={43},
  number={46},
  pages={3736--3741},
  year={2004},
  publisher={Lisboa, Portugal:}
}